@article{林瑶2002医学图像分割方法综述,
  title={医学图像分割方法综述},
  author={林瑶 and 田捷},
  journal={模式识别与人工智能},
  volume={15},
  number={2},
  pages={192-204},
  year={2002},
 keywords={图像处理;医学图像分割},
 language = {chinese},
 abstract={图像分割是一个经典难题.随着影像医学的发展,图像分割在医学应用中具有特殊的重要意义.本文从医学应用的角度出发,对医学图像像分割方法,特别是近几年来图像分割领域中出现的新思路、新方法或对原有方法的新的改进给出了一个比较全面的综述.最后总结了医学图像分割方法的研究特点.}
}

@phdthesis{2018深度特征融合的图像语义分割,
  title={深度特征融合的图像语义分割},
  language = {chinese},
  author={韩亚洪 and 于健壮},
  year={2018},
   school =    {天津大学},
  address={天津}
}

@misc{2006数字图像处理,
  title={数字图像处理（第2版）},
  language = {chinese},
  address={南京},
  author={夏良正 and 李久贤},
  year={2006},
  publisher={东南大学出版社}
}
@book{2010模式识别,
  title={模式识别},
  address={北京},
  publisher={清华大学出版社},
  language = {chinese},
  author={张学工},
  year={2010}
}
@book{2016机器学习,
  title={机器学习},
  address={北京},
  publisher={清华大学出版社},
  language = {chinese},
  author={周志华},
  year={2016}
}
%[1] 	夏良正，李久贤. 数字图像处理（第2版）[M]. 南京：东南大学出版社，2006
%[2] 	张学工. 模式识别[M]. 北京：清华大学出版社，2010.
%[3] 	周志华. 机器学习[M]. 北京：清华大学出版社，2016.

@article{Iltefat2004Parametric,
  title={Parametric modeling of narrowband UV-B phototherapy for vitiligo using a novel quantitative tool: the Vitiligo Area Scoring Index},
  author={Iltefat, Hamzavi and Hem, Jain and David, Mc Lean and Jerry, Shapiro and Haishan, Zeng and Harvey, Lui},
  journal={Archives of Dermatology},
  volume={140},
  number={6},
  pages={677},
  year={2004},
 keywords={Array signal processing;Instruments;Mirrors;Optical fibers;Optical receivers;Prototypes;Radio astronomy;Radiofrequency interference;Telescopes;Testing},
}
@article{taieb2007definition,
  title={The definition and assessment of vitiligo: a consensus report of the Vitiligo European Task Force},
  author={Ta{\"\i}eb, Alain and Picardo, Mauro and other VETF members},
  journal={Pigment Cell Research},
  volume={20},
  number={1},
  pages={27--35},
  year={2007},
  publisher={Wiley Online Library}
}
%VETI
@article{feily2014vitiligo,
  title={Vitiligo Extent Tensity Index (VETI) score: a new definition, assessment and treatment evaluation criteria in vitiligo},
  author={Feily, Amir},
  journal={Dermatology practical \& conceptual},
  volume={4},
  number={4},
  pages={81},
  year={2014},
  publisher={Derm101}
}
%VES
@article{van2016development,
  title={Development and validation of the Vitiligo Extent Score (VES): an international collaborative initiative},
  author={van Geel, Nanja and Lommerts, Janny and Bekkenk, Marcel and Wolkerstorfer, Albert and Prinsen, Cecilia AC and Eleftheriadou, Viktoria and Ta{\"\i}eb, Alain and Picardo, Mauro and Ezzedine, Khaled and Speeckaert, Reinhart},
  journal={Journal of Investigative Dermatology},
  volume={136},
  number={5},
  pages={978--984},
  year={2016},
  publisher={Elsevier}
}
%17
@article{barcelos2009automatic,
  title={An automatic based nonlinear diffusion equations scheme for skin lesion segmentation},
  author={Barcelos, C{\'e}lia A Zorzo and Pires, VB},
  journal={Applied Mathematics and Computation},
  volume={215},
  number={1},
  pages={251--261},
  year={2009},
  publisher={Elsevier}
}
%60
@article{de2011skan,
  title={Skan: Skin scanner-system for skin cancer detection using adaptive techniques},
  author={de Souza Ganzeli, Heitor and Bottesini, Julia Godoy and de Oliveira Paz, Leandro and Ribeiro, Matheus Figueiredo Salgado},
  journal={IEEE Latin America Transactions},
  volume={9},
  number={2},
  pages={206--212},
  year={2011},
  publisher={IEEE}
}
%26
@article{norton2012three,
  title={Three-phase general border detection method for dermoscopy images using non-uniform illumination correction},
  author={Norton, Kerri-Ann and Iyatomi, Hitoshi and Celebi, M Emre and Ishizaki, Sumiko and Sawada, Mizuki and Suzaki, Reiko and Kobayashi, Ken and Tanaka, Masaru and Ogawa, Koichi},
  journal={Skin Research and Technology},
  volume={18},
  number={3},
  pages={290--300},
  year={2012},
  publisher={Wiley Online Library}
}
@article{abbas2013perceptually,
  title={A perceptually oriented method for contrast enhancement and segmentation of dermoscopy images},
  author={Abbas, Qaisar and Garcia, Irene Fond{\'o}n and Emre Celebi, M and Ahmad, Waqar and Mushtaq, Qaisar},
  journal={Skin Research and Technology},
  volume={19},
  number={1},
  pages={e490--e497},
  year={2013},
  publisher={Wiley Online Library}
}
%65
@article{cavalcanti2013coarse,
  title={A coarse-to-fine approach for segmenting melanocytic skin lesions in standard camera images},
  author={Cavalcanti, Pablo G and Scharcanski, Jacob},
  journal={Computer methods and programs in biomedicine},
  volume={112},
  number={3},
  pages={684--693},
  year={2013},
  publisher={Elsevier}
}
%70
@article{castillejos2012wavelet,
  title={Wavelet transform fuzzy algorithms for dermoscopic image segmentation},
  author={Castillejos, Heydy and Ponomaryov, Volodymyr and Nino-de-Rivera, Luis and Golikov, Victor},
  journal={Computational and mathematical methods in medicine},
  volume={2012},
  year={2012},
  publisher={Hindawi}
}
%13
@article{wong2011automatic,
  title={Automatic skin lesion segmentation via iterative stochastic region merging},
  author={Wong, Alexander and Scharcanski, Jacob and Fieguth, Paul},
  journal={IEEE Transactions on Information Technology in Biomedicine},
  volume={15},
  number={6},
  pages={929--936},
  year={2011},
  publisher={IEEE}
}
@article{schaefer2011colour,
  title={Colour and contrast enhancement for improved skin lesion segmentation},
  author={Schaefer, Gerald and Rajab, Maher I and Celebi, M Emre and Iyatomi, Hitoshi},
  journal={Computerized Medical Imaging and Graphics},
  volume={35},
  number={2},
  pages={99--104},
  year={2011},
  publisher={Elsevier}
}
%68
@article{rajab2004application,
  title={Application of region-based segmentation and neural network edge detection to skin lesions},
  author={Rajab, MI and Woolfson, MS and Morgan, SP},
  journal={Computerized Medical Imaging and Graphics},
  volume={28},
  number={1-2},
  pages={61--68},
  year={2004},
  publisher={Elsevier}
}
%fcn
@inproceedings{long2015fully,
  title={Fully convolutional networks for semantic segmentation},
  author={Long, Jonathan and Shelhamer, Evan and Darrell, Trevor},
  booktitle={Proceedings of the IEEE conference on computer vision and pattern recognition},
  pages={3431--3440},
  year={2015}
}
%
@inproceedings{noh2015learning,
  title={Learning deconvolution network for semantic segmentation},
  author={Noh, Hyeonwoo and Hong, Seunghoon and Han, Bohyung},
  booktitle={Proceedings of the IEEE international conference on computer vision},
  pages={1520--1528},
  year={2015}
}
@inproceedings{ronneberger2015u,
  title={U-net: Convolutional networks for biomedical image segmentation},
  author={Ronneberger, Olaf and Fischer, Philipp and Brox, Thomas},
  booktitle={International Conference on Medical image computing and computer-assisted intervention},
  pages={234--241},
  year={2015},
  organization={Springer}
}
@article{nugroho2013computerised,
  title={Computerised image analysis of vitiligo lesion: evaluation using manually defined lesion areas},
  author={Nugroho, Hermawan and Ahmad Fadzil, M Hani and Shamsudin, Norashikin and Hussein, SH},
  journal={Skin Research and Technology},
  volume={19},
  number={1},
  pages={e72--e77},
  year={2013},
  publisher={Wiley Online Library}
}
@inproceedings{nurhudatiana2015computer,
  title={A Computer-Aided Diagnosis System for Vitiligo Assessment: A Segmentation Algorithm},
  author={Nurhudatiana, Arfika},
  booktitle={International Conference on Soft Computing, Intelligence Systems, and Information Technology},
  pages={323--331},
  year={2015},
  organization={Springer}
}
@inproceedings{das2015kl,
  title={KL divergence based agglomerative clustering for automated Vitiligo grading},
  author={Das Gupta, Mithun and Srinivasa, Srinidhi and Antony, Meryl and others},
  booktitle={Proceedings of the IEEE Conference on Computer Vision and Pattern Recognition},
  pages={2700--2709},
  year={2015}
}
@article{achanta2012slic,
  title={SLIC superpixels compared to state-of-the-art superpixel methods},
  author={Achanta, Radhakrishna and Shaji, Appu and Smith, Kevin and Lucchi, Aurelien and Fua, Pascal and S{\"u}sstrunk, Sabine and others},
  journal={IEEE transactions on pattern analysis and machine intelligence},
  volume={34},
  number={11},
  pages={2274--2282},
  year={2012},
  publisher={Institute of Electrical and Electronics Engineers, Inc., 345 E. 47 th St. NY~…}
}
%%
@inproceedings{lin2016scribblesup,
  title={Scribblesup: Scribble-supervised convolutional networks for semantic segmentation},
  author={Lin, Di and Dai, Jifeng and Jia, Jiaya and He, Kaiming and Sun, Jian},
  booktitle={Proceedings of the IEEE Conference on Computer Vision and Pattern Recognition},
  pages={3159--3167},
  year={2016}
}
%42
@inproceedings{xu2015learning,
  title={Learning to segment under various forms of weak supervision},
  author={Xu, Jia and Schwing, Alexander G and Urtasun, Raquel},
  booktitle={Proceedings of the IEEE conference on computer vision and pattern recognition},
  pages={3781--3790},
  year={2015}
}
%1
@inproceedings{bearman2016s,
  title={What’s the point: Semantic segmentation with point supervision},
  author={Bearman, Amy and Russakovsky, Olga and Ferrari, Vittorio and Fei-Fei, Li},
  booktitle={European conference on computer vision},
  pages={549--565},
  year={2016},
  organization={Springer}
}
%5
@inproceedings{dai2015boxsup,
  title={Boxsup: Exploiting bounding boxes to supervise convolutional networks for semantic segmentation},
  author={Dai, Jifeng and He, Kaiming and Sun, Jian},
  booktitle={Proceedings of the IEEE International Conference on Computer Vision},
  pages={1635--1643},
  year={2015}
}
%44
@inproceedings{zhang2015weakly,
  title={Weakly supervised semantic segmentation for social images},
  author={Zhang, Wei and Zeng, Sheng and Wang, Dequan and Xue, Xiangyang},
  booktitle={Proceedings of the IEEE Conference on Computer Vision and Pattern Recognition},
  pages={2718--2726},
  year={2015}
}
%15
@inproceedings{lai2016saliency,
  title={Saliency guided dictionary learning for weakly-supervised image parsing},
  author={Lai, Baisheng and Gong, Xiaojin},
  booktitle={Proceedings of the IEEE Conference on Computer Vision and Pattern Recognition},
  pages={3630--3639},
  year={2016}
}
%24
@inproceedings{papandreou2015weakly,
  title={Weakly-and semi-supervised learning of a deep convolutional network for semantic image segmentation},
  author={Papandreou, George and Chen, Liang-Chieh and Murphy, Kevin P and Yuille, Alan L},
  booktitle={Proceedings of the IEEE international conference on computer vision},
  pages={1742--1750},
  year={2015}
}
%41
@article{wei2016learning,
  title={Learning to segment with image-level annotations},
  author={Wei, Yunchao and Liang, Xiaodan and Chen, Yunpeng and Jie, Zequn and Xiao, Yanhui and Zhao, Yao and Yan, Shuicheng},
  journal={Pattern Recognition},
  volume={59},
  pages={234--244},
  year={2016},
  publisher={Elsevier}
}
%101
@inproceedings{arbelaez2014multiscale,
  title={Multiscale combinatorial grouping},
  author={Arbel{\'a}ez, Pablo and Pont-Tuset, Jordi and Barron, Jonathan T and Marques, Ferran and Malik, Jitendra},
  booktitle={Proceedings of the IEEE conference on computer vision and pattern recognition},
  pages={328--335},
  year={2014}
}
%10
@inproceedings{cheng2014bing,
  title={BING: Binarized normed gradients for objectness estimation at 300fps},
  author={Cheng, Ming-Ming and Zhang, Ziming and Lin, Wen-Yan and Torr, Philip},
  booktitle={Proceedings of the IEEE conference on computer vision and pattern recognition},
  pages={3286--3293},
  year={2014}
}
@InProceedings{He_2016_CVPR,
author = {He, Kaiming and Zhang, Xiangyu and Ren, Shaoqing and Sun, Jian},
title = {Deep Residual Learning for Image Recognition},
booktitle = {The IEEE Conference on Computer Vision and Pattern Recognition (CVPR)},
month = {June},
year = {2016}
}
@article{simonyan2013deep,
  title={Deep inside convolutional networks: Visualising image classification models and saliency maps},
  author={Simonyan, Karen and Vedaldi, Andrea and Zisserman, Andrew},
  journal={arXiv preprint arXiv:1312.6034},
  year={2013}
}
@inproceedings{zhou2016learning,
  title={Learning deep features for discriminative localization},
  author={Zhou, Bolei and Khosla, Aditya and Lapedriza, Agata and Oliva, Aude and Torralba, Antonio},
  booktitle={Proceedings of the IEEE Conference on Computer Vision and Pattern Recognition},
  pages={2921--2929},
  year={2016}
}
@inproceedings{zeiler2014visualizing,
  title={Visualizing and understanding convolutional networks},
  author={Zeiler, Matthew D and Fergus, Rob},
  booktitle={European conference on computer vision},
  pages={818--833},
  year={2014},
  organization={Springer}
}
@article{Zhou:2018ul,
author = {Zhou, Yanzhao and Zhu, Yi and Ye, Qixiang and Qiu, Qiang and Jiao, Jianbin},
title = {{Weakly Supervised Instance Segmentation using Class Peak Response}},
journal = {arXiv.org},
year = {2018},
eprint = {1804.00880v1},
eprinttype = {arxiv},
eprintclass = {cs.CV},
month = apr
}
@article{Kolesnikov:2016tf,
author = {Kolesnikov, Alexander and Lampert, Christoph H},
title = {{Seed, Expand and Constrain: Three Principles for Weakly-Supervised Image Segmentation}},
journal = {arXiv.org},
year = {2016},
eprint = {1603.06098v3},
eprinttype = {arxiv},
eprintclass = {cs.CV},
month = mar
}

@article{aydin2007practical,
  title={A practical method for the estimation of vitiligo surface area: a comparison between the point counting and digital planimetry techniques},
  author={Aydin, Fatma and Senturk, Nilgun and Sahin, Bunyamin and Bek, Yuksel and Yuksel, Esra Pancar and Turanli, Ahmet Yasar},
  journal={European Journal of Dermatology},
  volume={17},
  number={1},
  pages={30--32},
  year={2007}
}
%Graphics Tablets
@article{nanny2004new,
  title={A new digital image analysis system useful for surface assessment of vitiligo lesions in transplantation studies},
  author={Nanny, VAN and Vander Haeghen, Yves and Ongenae, Katia and NAEYAERT, Jean-Marie},
  journal={European Journal of Dermatology},
  volume={14},
  number={3},
  pages={150--155},
  year={2004}
}
%CAD (Computer-Aided Design) Method
@article{marrakchi2008objective,
  title={An objective method for the assessment of vitiligo treatment},
  author={Marrakchi, Slaheddine and Bouassida, Samir and Meziou, Taha J and Turki, Hamida and Zahaf, Abdelmajid},
  journal={Pigment cell \& melanoma research},
  volume={21},
  number={1},
  pages={106--107},
  year={2008},
  publisher={Wiley Online Library}
}
@article{verma2015evaluation,
  title={Evaluation of repigmentation with cultured melanocyte transplantation (CMT) compared with non-cultured epidermal cell transplantation in vitiligo at 12th week reveals better repigmentation with CMT.},
  author={Verma, Gunjan and Varkhande, Suraj R and Kar, Hemanta K and Rani, Rajni},
  journal={The Journal of Investigative Dermatology},
  volume={135},
  number={10},
  pages={2533--2535},
  year={2015}
}
% 补充弱监督分割方法
@inproceedings{wei2018revisiting,
  title={Revisiting dilated convolution: A simple approach for weakly-and semi-supervised semantic segmentation},
  author={Wei, Yunchao and Xiao, Huaxin and Shi, Honghui and Jie, Zequn and Feng, Jiashi and Huang, Thomas S},
  booktitle={Proceedings of the IEEE Conference on Computer Vision and Pattern Recognition},
  pages={7268--7277},
  year={2018}
}
@inproceedings{wang2018weakly,
  title={Weakly-supervised semantic segmentation by iteratively mining common object features},
  author={Wang, Xiang and You, Shaodi and Li, Xi and Ma, Huimin},
  booktitle={Proceedings of the IEEE Conference on Computer Vision and Pattern Recognition},
  pages={1354--1362},
  year={2018}
}
@inproceedings{huang2018weakly,
  title={Weakly-supervised semantic segmentation network with deep seeded region growing},
  author={Huang, Zilong and Wang, Xinggang and Wang, Jiasi and Liu, Wenyu and Wang, Jingdong},
  booktitle={Proceedings of the IEEE Conference on Computer Vision and Pattern Recognition},
  pages={7014--7023},
  year={2018}
}
@inproceedings{zhou2018weakly,
  title={Weakly supervised instance segmentation using class peak response},
  author={Zhou, Yanzhao and Zhu, Yi and Ye, Qixiang and Qiu, Qiang and Jiao, Jianbin},
  booktitle={Proceedings of the IEEE Conference on Computer Vision and Pattern Recognition},
  pages={3791--3800},
  year={2018}
}
@article{yu2015multi,
  title={Multi-scale context aggregation by dilated convolutions},
  author={Yu, Fisher and Koltun, Vladlen},
  journal={arXiv preprint arXiv:1511.07122},
  year={2015}
}
@article{chen2017deeplab,
  title={Deeplab: Semantic image segmentation with deep convolutional nets, atrous convolution, and fully connected crfs},
  author={Chen, Liang-Chieh and Papandreou, George and Kokkinos, Iasonas and Murphy, Kevin and Yuille, Alan L},
  journal={IEEE transactions on pattern analysis and machine intelligence},
  volume={40},
  number={4},
  pages={834--848},
  year={2017},
  publisher={IEEE}
}

@inproceedings{lin2017refinenet,
  title={Refinenet: Multi-path refinement networks for high-resolution semantic segmentation},
  author={Lin, Guosheng and Milan, Anton and Shen, Chunhua and Reid, Ian},
  booktitle={Proceedings of the IEEE conference on computer vision and pattern recognition},
  pages={1925--1934},
  year={2017}
}

%dataset
@inproceedings{mendoncca2013ph,
  title={PH 2-A dermoscopic image database for research and benchmarking},
  author={Mendon{\c{c}}a, Teresa and Ferreira, Pedro M and Marques, Jorge S and Marcal, Andr{\'e} RS and Rozeira, Jorge},
  booktitle={2013 35th annual international conference of the IEEE engineering in medicine and biology society (EMBC)},
  pages={5437--5440},
  year={2013},
  organization={IEEE}
}
@inproceedings{codella2018skin,
  title={Skin lesion analysis toward melanoma detection: A challenge at the 2017 international symposium on biomedical imaging (isbi), hosted by the international skin imaging collaboration (isic)},
  author={Codella, Noel CF and Gutman, David and Celebi, M Emre and Helba, Brian and Marchetti, Michael A and Dusza, Stephen W and Kalloo, Aadi and Liopyris, Konstantinos and Mishra, Nabin and Kittler, Harald and others},
  booktitle={2018 IEEE 15th International Symposium on Biomedical Imaging (ISBI 2018)},
  pages={168--172},
  year={2018},
  organization={IEEE}
}
@inproceedings{sun2016benchmark,
  title={A benchmark for automatic visual classification of clinical skin disease images},
  author={Sun, Xiaoxiao and Yang, Jufeng and Sun, Ming and Wang, Kai},
  booktitle={European Conference on Computer Vision},
  pages={206--222},
  year={2016},
  organization={Springer}
}
@inproceedings{gong2015saliency,
  title={Saliency propagation from simple to difficult},
  author={Gong, Chen and Tao, Dacheng and Liu, Wei and Maybank, Stephen J and Fang, Meng and Fu, Keren and Yang, Jie},
  booktitle={Proceedings of the IEEE Conference on Computer Vision and Pattern Recognition},
  pages={2531--2539},
  year={2015}
}
@inproceedings{Gupta2011Non,
  title={Non-negative matrix factorization as a feature selection tool for maximum margin classifiers},
  author={Gupta, Mithun Das and Xiao, Jing},
  booktitle={Computer Vision \& Pattern Recognition},
  year={2011},
 keywords={feature selection tool;non negative matrix factorization;multivariate data;NMF;maximum margin classifier;support vector machine;SVM},
}
@article{zhu1996region,
  title={Region competition: Unifying snakes, region growing, and Bayes/MDL for multiband image segmentation},
  author={Zhu, Song Chun and Yuille, Alan},
  journal={IEEE Transactions on Pattern Analysis \& Machine Intelligence},
  number={9},
  pages={884--900},
  year={1996},
  publisher={IEEE}
}

























































